<record><leader>00000cas a2200000 a 4500</leader><controlfield tag="001">5371847</controlfield><controlfield tag="008">790913c19409999nyudr ne      0   a0eng c</controlfield><datafield ind1=" " ind2=" " tag="010"><subfield code="a">sn2001058015</subfield><subfield code="z">sc 80000689 </subfield></datafield><datafield ind1=" " ind2=" " tag="040"><subfield code="a">YHM</subfield><subfield code="b">eng</subfield><subfield code="c">YHM</subfield><subfield code="d">COO</subfield><subfield code="d">DLC</subfield><subfield code="d">NSD</subfield><subfield code="d">OCL</subfield><subfield code="d">NSD</subfield><subfield code="d">NYG</subfield><subfield code="d">DLC</subfield><subfield code="d">NSD</subfield><subfield code="d">DLC</subfield><subfield code="d">NST</subfield><subfield code="d">DLC</subfield><subfield code="d">YOX</subfield><subfield code="d">CRL</subfield><subfield code="d">NYS</subfield><subfield code="d">CRL</subfield><subfield code="d">NYS</subfield><subfield code="d">NVF</subfield><subfield code="d">NYS</subfield><subfield code="d">DLC</subfield><subfield code="d">NYS</subfield><subfield code="d">DLC</subfield><subfield code="d">ZQP</subfield><subfield code="d">OCLCQ</subfield><subfield code="d">CRL</subfield><subfield code="d">OCLCQ</subfield><subfield code="d">OCLCA</subfield><subfield code="d">OCLCF</subfield><subfield code="d">OCLCO</subfield></datafield><datafield ind1=" " ind2=" " tag="019"><subfield code="a">5733029</subfield></datafield><datafield ind1="1" ind2=" " tag="022"><subfield code="a">0278-5587</subfield><subfield code="l">0278-5587</subfield><subfield code="2">1</subfield></datafield><datafield ind1="1" ind2=" " tag="029"><subfield code="a">AU@</subfield><subfield code="b">000022715309</subfield></datafield><datafield ind1="1" ind2=" " tag="029"><subfield code="a">NZ1</subfield><subfield code="b">16067283</subfield></datafield><datafield ind1=" " ind2=" " tag="032"><subfield code="a">388760</subfield><subfield code="b">USPS</subfield></datafield><datafield ind1=" " ind2=" " tag="037"><subfield code="b">Newsday, 235 Pinelawn Rd., Melville, N.Y. 11747-4226</subfield></datafield><datafield ind1=" " ind2=" " tag="042"><subfield code="a">pcc</subfield><subfield code="a">nsdp</subfield></datafield><datafield ind1=" " ind2=" " tag="043"><subfield code="a">n-us-ny</subfield></datafield><datafield ind1="0" ind2="0" tag="050"><subfield code="a">Newspaper</subfield></datafield><datafield ind1="0" ind2=" " tag="130"><subfield code="a">Newsday (Hempstead, N.Y. : Nassau ed.)</subfield></datafield><datafield ind1=" " ind2="0" tag="222"><subfield code="a">Newsday. Nassau edition</subfield></datafield><datafield ind1="1" ind2="0" tag="245"><subfield code="a">Newsday.</subfield></datafield><datafield ind1="1" ind2=" " tag="246"><subfield code="i">Issues for Sunday Apr. 9, 1972- published as:</subfield><subfield code="a">Sunday newsday</subfield></datafield><datafield ind1="3" ind2="0" tag="246"><subfield code="a">Newsday Long Island</subfield></datafield><datafield ind1=" " ind2=" " tag="250"><subfield code="a">Nassau ed.</subfield></datafield><datafield ind1=" " ind2=" " tag="260"><subfield code="a">Hempstead, L.I., N.Y. :</subfield><subfield code="b">A. Patterson &amp; H.F. Guggenheim,</subfield><subfield code="c">1940-</subfield></datafield><datafield ind1=" " ind2=" " tag="300"><subfield code="a">v. :</subfield><subfield code="b">ill. (some col.) ;</subfield><subfield code="c">41 cm.</subfield></datafield><datafield ind1=" " ind2=" " tag="310"><subfield code="a">Daily,</subfield><subfield code="b">Apr. 9, 1972-</subfield></datafield><datafield ind1=" " ind2=" " tag="321"><subfield code="a">Daily (except Saturday and Sunday),</subfield><subfield code="b">Sept. 3, 1940-Dec. 5, 1942</subfield></datafield><datafield ind1=" " ind2=" " tag="321"><subfield code="a">Daily (except Sunday),</subfield><subfield code="b">Dec. 6, 1942-Apr. 8, 1972</subfield></datafield><datafield ind1="0" ind2=" " tag="362"><subfield code="a">Vol. 1, no. 1 (Sept. 3, 1940)-</subfield></datafield><datafield ind1=" " ind2=" " tag="500"><subfield code="a">Publisher: Newsday, Inc., &lt;Nov. 14, 2000&gt;-</subfield></datafield><datafield ind1=" " ind2=" " tag="500"><subfield code="a">Occasionally called Long Island ed.</subfield></datafield><datafield ind1=" " ind2=" " tag="500"><subfield code="a">Published in Hempstead, N.Y., Sept. 3, 1940-May 5, 1947; in Garden City, N.Y., May 6, 1947-Aug. 12, 1979; in Long Island [Melville], N.Y., Aug. 13, 1979-</subfield></datafield><datafield ind1=" " ind2=" " tag="515"><subfield code="a">Published an introductory issue: Vol. 0, no. 0 (Aug 30, 1940), with running title: "What's in a name" (also known as "Your new newspaper").</subfield></datafield><datafield ind1=" " ind2=" " tag="530"><subfield code="a">Also issued on microfilm from Bell &amp; Howell Information and Learning, and from the Library of Congress, Photoduplication Service.</subfield></datafield><datafield ind1=" " ind2=" " tag="530"><subfield code="a">Available on the Internet.</subfield></datafield><datafield ind1=" " ind2=" " tag="580"><subfield code="a">Suffolk eds.: Newsday (Bay Shore, N.Y.), 1944-1947, and: Newsday (Hempstead, N.Y. : Suffolk ed.), 1947-</subfield></datafield><datafield ind1=" " ind2=" " tag="580"><subfield code="a">Queens/New York City eds.: Newsday (New York, N.Y.), 1977-1983, and: New York edition newsday, 1983-1995, and: Newsday (Melville, N.Y.), 1995-</subfield></datafield><datafield ind1=" " ind2=" " tag="588"><subfield code="a">Latest issue consulted: Vol. 61, no. 73 (Nov. 14, 2000).</subfield></datafield><datafield ind1=" " ind2="0" tag="651"><subfield code="a">Hempstead (N.Y.)</subfield><subfield code="v">Newspapers.</subfield></datafield><datafield ind1=" " ind2="0" tag="651"><subfield code="a">Garden City (N.Y.)</subfield><subfield code="v">Newspapers.</subfield></datafield><datafield ind1=" " ind2="0" tag="651"><subfield code="a">Melville (N.Y.)</subfield><subfield code="v">Newspapers.</subfield></datafield><datafield ind1=" " ind2="0" tag="651"><subfield code="a">Nassau County (N.Y.)</subfield><subfield code="v">Newspapers.</subfield></datafield><datafield ind1=" " ind2="0" tag="651"><subfield code="a">Suffolk County (N.Y.)</subfield><subfield code="v">Newspapers.</subfield></datafield><datafield ind1=" " ind2="0" tag="651"><subfield code="a">New York (N.Y.)</subfield><subfield code="v">Newspapers.</subfield></datafield><datafield ind1=" " ind2="7" tag="655"><subfield code="a">Newspapers.</subfield><subfield code="2">fast</subfield><subfield code="0">(OCoLC)fst01423814</subfield></datafield><datafield ind1=" " ind2="7" tag="651"><subfield code="a">New York (State)</subfield><subfield code="z">Garden City.</subfield><subfield code="2">fast</subfield><subfield code="0">(OCoLC)fst01202957</subfield></datafield><datafield ind1=" " ind2="7" tag="651"><subfield code="a">New York (State)</subfield><subfield code="z">Hempstead.</subfield><subfield code="2">fast</subfield><subfield code="0">(OCoLC)fst01207201</subfield></datafield><datafield ind1=" " ind2="7" tag="651"><subfield code="a">New York (State)</subfield><subfield code="z">Melville.</subfield><subfield code="2">fast</subfield><subfield code="0">(OCoLC)fst01257823</subfield></datafield><datafield ind1=" " ind2="7" tag="651"><subfield code="a">New York (State)</subfield><subfield code="z">Nassau County.</subfield><subfield code="2">fast</subfield><subfield code="0">(OCoLC)fst01205518</subfield></datafield><datafield ind1=" " ind2="7" tag="651"><subfield code="a">New York (State)</subfield><subfield code="z">New York.</subfield><subfield code="2">fast</subfield><subfield code="0">(OCoLC)fst01204333</subfield></datafield><datafield ind1=" " ind2="7" tag="651"><subfield code="a">New York (State)</subfield><subfield code="z">Suffolk County.</subfield><subfield code="2">fast</subfield><subfield code="0">(OCoLC)fst01207260</subfield></datafield><datafield ind1=" " ind2=" " tag="752"><subfield code="a">United States</subfield><subfield code="b">New York</subfield><subfield code="c">Suffolk</subfield><subfield code="d">Melville.</subfield></datafield><datafield ind1=" " ind2=" " tag="752"><subfield code="a">United States</subfield><subfield code="b">New York</subfield><subfield code="c">Nassau</subfield><subfield code="d">Hempstead.</subfield></datafield><datafield ind1=" " ind2=" " tag="752"><subfield code="a">United States</subfield><subfield code="b">New York</subfield><subfield code="c">Nassau</subfield><subfield code="d">Garden City.</subfield></datafield><datafield ind1=" " ind2=" " tag="752"><subfield code="a">United States</subfield><subfield code="b">New York</subfield><subfield code="d">New York.</subfield></datafield><datafield ind1="1" ind2=" " tag="775"><subfield code="t">Newsday (Bay Shore, N.Y.)</subfield><subfield code="w">(DLC)sn 85042833</subfield><subfield code="w">(OCoLC)12889106</subfield></datafield><datafield ind1="1" ind2=" " tag="775"><subfield code="t">Newsday (Hempstead, N.Y. : Suffolk ed.)</subfield><subfield code="w">(DLC)sn 85042840</subfield><subfield code="w">(OCoLC)12893149</subfield></datafield><datafield ind1="1" ind2=" " tag="775"><subfield code="t">Newsday (New York, N.Y.)</subfield><subfield code="w">(DLC)sn 89070133</subfield><subfield code="w">(OCoLC)20654103</subfield></datafield><datafield ind1="1" ind2=" " tag="775"><subfield code="t">New York edition newsday</subfield><subfield code="x">0889-793X</subfield><subfield code="w">(DLC)sn 86011641</subfield><subfield code="w">(OCoLC)10862536</subfield></datafield><datafield ind1="1" ind2=" " tag="775"><subfield code="t">Newsday (Melville, N.Y.)</subfield><subfield code="w">(DLC)sn 95071321</subfield><subfield code="w">(OCoLC)32880955</subfield></datafield><datafield ind1="0" ind2=" " tag="775"><subfield code="t">Newsday (Hempstead, N.Y. : Hempstead Township ed.)</subfield><subfield code="w">(DLC)sn 85042839</subfield><subfield code="w">(OCoLC)12893103</subfield></datafield><datafield ind1="4" ind2="1" tag="856"><subfield code="u">http://www.newsday.com</subfield></datafield></record>